<collection xmlns="http://www.loc.gov/MARC21/slim"><record><leader>00826nam  2200265   450</leader><controlfield tag="001">16661</controlfield><controlfield tag="003">http://montalegre.opacnet.com/OPAC/default.aspx?ContentAreaControl=ShowRegHoldings.ascx&amp;RegNo=16662</controlfield><controlfield tag="005">20</controlfield><datafield tag="100" ind1=" " ind2=" "><subfield code="a">20140408d19611971m  y0pory010305  ba</subfield></datafield><datafield tag="101" ind1="1" ind2=" "><subfield code="a">por</subfield><subfield code="c">fre</subfield></datafield><datafield tag="102" ind1=" " ind2=" "><subfield code="a">PT</subfield></datafield><datafield tag="200" ind1="1" ind2=" "><subfield code="a">&lt;Os &gt;Eclipses</subfield><subfield code="f">Paul Couderc</subfield><subfield code="g">trad.: Maria Teresa Cardoso</subfield></datafield><datafield tag="205" ind1=" " ind2=" "><subfield code="a">2ª ed</subfield></datafield><datafield tag="210" ind1=" " ind2=" "><subfield code="a">Mem Martins</subfield><subfield code="c">Europa-América</subfield><subfield code="d">1971</subfield></datafield><datafield tag="215" ind1=" " ind2=" "><subfield code="a">139 p.</subfield><subfield code="c">il.</subfield><subfield code="d">19 cm</subfield></datafield><datafield tag="225" ind1="2" ind2=" "><subfield code="a">Saber</subfield><subfield code="v">146</subfield></datafield><datafield tag="304" ind1=" " ind2=" "><subfield code="a">Tít. orig. "Les éclipses"</subfield></datafield><datafield tag="606" ind1="1" ind2=" "><subfield code="a">Astronomia</subfield><subfield code="2">Autoridade</subfield><subfield code="3">PT-----------2013080516500005822</subfield></datafield><datafield tag="610" ind1="0" ind2=" "><subfield code="a">Eclipses</subfield></datafield><datafield tag="675" ind1=" " ind2=" "><subfield code="a">521.81</subfield></datafield><datafield tag="675" ind1=" " ind2=" "><subfield code="a">52</subfield></datafield><datafield tag="700" ind1=" " ind2="1"><subfield code="a">Couderc</subfield><subfield code="b">Paul</subfield></datafield><datafield tag="702" ind1=" " ind2="1"><subfield code="a">Cardoso</subfield><subfield code="b">Maria Teresa</subfield><subfield code="4">730</subfield></datafield><datafield tag="801" ind1=" " ind2="0"><subfield code="a">PT</subfield><subfield code="b">Biblioteca Municipal de Montalegre</subfield><subfield code="g">RPC</subfield></datafield><datafield tag="856" ind1=" " ind2=" "><subfield code="u">locateMedia.aspx?cod=20140408114456&amp;ext=jpg</subfield><subfield code="z">CAPA</subfield></datafield><datafield tag="909" ind1="&#9;" ind2=" "><subfield code="a">1</subfield></datafield><datafield tag="966" ind1=" " ind2=" "><subfield code="a">0007317</subfield><subfield code="l">BMM</subfield><subfield code="s">SCG 52 COU ecl</subfield></datafield></record></collection>